@article{Cohen_2021_NatRevDrugDiscov,
	doi = {10.1038/s41573-021-00195-4},
	url = {https://doi.org/10.1038/s41573-021-00195-4},
	year = 2021,
	month = {may},
	publisher = {Springer Science and Business Media {LLC}},
	volume = {20},
	number = {7},
	pages = {551--569},
	author = {Philip Cohen and Darren Cross and Pasi A. Jänne},
	title = {Kinase drug discovery 20 years after imatinib: progress and future directions},
	journal = {Nature Reviews Drug Discovery}
}

@misc{klifs_feb_2022,
    title = {{KLIFS}},
    howpublished = {\url{https://klifs.net/}},
    note = {[Online; accessed 01-February-2022]},
    year = {2022}
}

@misc{FDA_PKI_2022,
    title = {{FDA-approved small molecule protein kinase inhibitors}},
    author = {Blue Ridge Institute for Medical Research in Horse Shoe, North Carolina USA},
    howpublished = {\url{http://www.brimr.org/PKI/PKIs.htm}},
    note = {[Online; accessed 01-February-2022]},
    year = {2022}
}

@misc{kinodata_2022,
    title = {{Kinodata}},
    howpublished = {\url{https://github.com/openkinome/kinodata}},
    note = {[Online; accessed 01-February-2022]},
    year = {2022}
}

@article{Manning_2022_science,
    author = {G. Manning  and D. B. Whyte  and R. Martinez  and T. Hunter  and S. Sudarsanam },
    title = {The Protein Kinase Complement of the Human Genome},
    journal = {Science},
    volume = {298},
    number = {5600},
    pages = {1912-1934},
    year = {2002},
    doi = {10.1126/science.1075762},
    URL = {https://www.science.org/doi/abs/10.1126/science.1075762}
}

@misc{openkinome_feb_2022,
    title = {{OpenKinome}},
    howpublished = {\url{http://openkinome.org/}},
    note = {[Online; accessed 01-February-2022]},
    year = {2022}
}

@article{Eid_2017_BMCBioinformatics,
	doi = {10.1186/s12859-016-1433-7},
	url = {https://doi.org/10.1186/s12859-016-1433-7},
	year = 2017,
	month = {jan},
	publisher = {Springer Science and Business Media {LLC}},
	volume = {18},
	number = {1},
	author = {Sameh Eid and Samo Turk and Andrea Volkamer and Friedrich Rippmann and Simone Fulle},
	title = {{KinMap}: a web-based tool for interactive navigation through human kinome data},
	journal = {{BMC} Bioinformatics}
}

@incollection{Kooistra_2017_AnnualReportsMedicinalChemistry,
	doi = {10.1016/bs.armc.2017.08.001},
	url = {https://doi.org/10.1016/bs.armc.2017.08.001},
	year = 2017,
	publisher = {Elsevier},
	pages = {197--236},
	author = {Albert J. Kooistra and Andrea Volkamer},
	title = {Kinase-Centric Computational Drug Development},
	booktitle = {Annual Reports in Medicinal Chemistry}
}

@article{Kanev_2020_NAR,
	doi = {10.1093/nar/gkaa895},
	url = {https://doi.org/10.1093/nar/gkaa895},
	year = 2020,
	month = {oct},
	publisher = {Oxford University Press ({OUP})},
	volume = {49},
	number = {D1},
	pages = {D562--D569},
	author = {Georgi K Kanev and Chris de~Graaf and Bart A Westerman and Iwan J P de~Esch and Albert J Kooistra},
	title = {{KLIFS}: an overhaul after the first 5 years of supporting kinase research},
	journal = {Nucleic Acids Research}
}

@article{van_Linden_2013_JMedChem,
	doi = {10.1021/jm400378w},
	url = {https://doi.org/10.1021/jm400378w},
	year = 2013,
	month = {sep},
	publisher = {American Chemical Society ({ACS})},
	volume = {57},
	number = {2},
	pages = {249--277},
	author = {Oscar P. J. van Linden and Albert J. Kooistra and Rob Leurs and Iwan J. P. de Esch and Chris de Graaf},
	title = {{KLIFS}: A Knowledge-Based Structural Database To Navigate Kinase{\textendash}Ligand Interaction Space},
	journal = {Journal of Medicinal Chemistry}
}

@article{Berman_2000_NAR,
    author = {Berman, Helen M. and Westbrook, John and Feng, Zukang and Gilliland, Gary and Bhat, T. N. and Weissig, Helge and Shindyalov, Ilya N. and Bourne, Philip E.},
    title = "{The Protein Data Bank}",
    journal = {Nucleic Acids Research},
    volume = {28},
    number = {1},
    pages = {235-242},
    year = {2000},
    month = {01},
    issn = {0305-1048},
    doi = {10.1093/nar/28.1.235},
    url = {https://doi.org/10.1093/nar/28.1.235},
}

@article{Berman_2012_structure,
	doi = {10.1016/j.str.2012.01.010},
	url = {https://doi.org/10.1016/j.str.2012.01.010},
	year = 2012,
	month = {mar},
	publisher = {Elsevier {BV}},
	volume = {20},
	number = {3},
	pages = {391--396},
	author = {Helen~M. Berman and Gerard~J. Kleywegt and Haruki Nakamura and John~L. Markley},
	title = {The Protein Data Bank at 40: Reflecting on the Past to Prepare for the Future},
	journal = {Structure}
}

@article{Rost_1999_ProteinEngDesSel,
    author = {Rost, Burkhard},
    title = "{Twilight zone of protein sequence alignments}",
    journal = {Protein Engineering, Design and Selection},
    volume = {12},
    number = {2},
    pages = {85-94},
    year = {1999},
    month = {02},
    issn = {1741-0126},
    doi = {10.1093/protein/12.2.85},
    url = {https://doi.org/10.1093/protein/12.2.85}
}

@article{Henikoff_1992_PNAS,
	doi = {10.1073/pnas.89.22.10915},
	url = {https://doi.org/10.1073/pnas.89.22.10915},
	year = 1992,
	month = {nov},
	publisher = {Proceedings of the National Academy of Sciences},
	volume = {89},
	number = {22},
	pages = {10915--10919},
	author = {S. Henikoff and J. G. Henikoff},
	title = {Amino acid substitution matrices from protein blocks.},
	journal = {Proceedings of the National Academy of Sciences}
}

@article{Kunzmann_2018_BMC,
	doi = {10.1186/s12859-018-2367-z},
	url = {https://doi.org/10.1186/s12859-018-2367-z},
	year = 2018,
	month = {oct},
	publisher = {Springer Science and Business Media {LLC}},
	volume = {19},
	number = {1},
	author = {Patrick Kunzmann and Kay Hamacher},
	title = {Biotite: a unifying open source computational biology framework in Python},
	journal = {{BMC} Bioinformatics}
}

@article{sydow_2021_kissim_chemrxiv,
    place={Cambridge},
    title={KiSSim: Predicting off-targets from structural similarities in the kinome},
    DOI={10.26434/chemrxiv-2021-n3288},
    journal={ChemRxiv},
    publisher={Cambridge Open Engage},
    author={Sydow, Dominique and Aßmann, Eva and Kooistra, Albert J. and Rippmann, Friedrich and Volkamer, Andrea},
    year={2021}
}

@misc{kissim_package,
    author={Volkamerlab},
    title = {{KiSSim open-source Python package}},
    howpublished = {\url{https://github.com/volkamerlab/kissim}},
    note = {[Online; accessed 01-February-2022]},
    year = {2022}
}

@article{Kosub_2019_jpatrec,
    title = {A note on the triangle inequality for the Jaccard distance},
    journal = {Pattern Recognition Letters},
    volume = {120},
    pages = {36-38},
    year = {2019},
    issn = {0167-8655},
    doi = {https://doi.org/10.1016/j.patrec.2018.12.007},
    url = {https://www.sciencedirect.com/science/article/pii/S0167865518309188},
    author = {Sven Kosub}
}

@article{Schneider_2019_NatRevDrugDiscov,
	doi = {10.1038/s41573-019-0050-3},
	url = {https://doi.org/10.1038/s41573-019-0050-3},
	year = 2019,
	month = {dec},
	publisher = {Springer Science and Business Media {LLC}},
	volume = {19},
	number = {5},
	pages = {353--364},
	author = {Petra Schneider and W. Patrick Walters and Alleyn T. Plowright and Norman Sieroka and Jennifer Listgarten and Robert A. Goodnow and Jasmin Fisher and Johanna M. Jansen and Jos{\'{e}} S. Duca and Thomas S. Rush and Matthias Zentgraf and John Edward Hill and Elizabeth Krutoholow and Matthias Kohler and Jeff Blaney and Kimito Funatsu and Chris Luebkemann and Gisbert Schneider},
	title = {Rethinking drug design in the artificial intelligence era},
	journal = {Nature Reviews Drug Discovery}
}

@article{Wilkinson_2016_SciData,
	doi = {10.1038/sdata.2016.18},
	url = {https://doi.org/10.1038/sdata.2016.18},
	year = 2016,
	month = {mar},
	publisher = {Springer Science and Business Media {LLC}},
	volume = {3},
	number = {1},
	author = {Mark D. Wilkinson and Michel Dumontier and IJsbrand Jan Aalbersberg and Gabrielle Appleton and Myles Axton and Arie Baak and Niklas Blomberg and Jan-Willem Boiten and Luiz Bonino da Silva Santos and Philip E. Bourne and Jildau Bouwman and Anthony J. Brookes and Tim Clark and Merc{\`{e}} Crosas and Ingrid Dillo and Olivier Dumon and Scott Edmunds and Chris T. Evelo and Richard Finkers and Alejandra Gonzalez-Beltran and Alasdair J.G. Gray and Paul Groth and Carole Goble and Jeffrey S. Grethe and Jaap Heringa and Peter A.C 't Hoen and Rob Hooft and Tobias Kuhn and Ruben Kok and Joost Kok and Scott J. Lusher and Maryann E. Martone and Albert Mons and Abel L. Packer and Bengt Persson and Philippe Rocca-Serra and Marco Roos and Rene van Schaik and Susanna-Assunta Sansone and Erik Schultes and Thierry Sengstag and Ted Slater and George Strawn and Morris A. Swertz and Mark Thompson and Johan van der Lei and Erik van Mulligen and Jan Velterop and Andra Waagmeester and Peter Wittenburg and Katherine Wolstencroft and Jun Zhao and Barend Mons},
	title = {The {FAIR} Guiding Principles for scientific data management and stewardship},
	journal = {Scientific Data}
}

@article{Sydow_2019_JCheminform,
	doi = {10.1186/s13321-019-0351-x},
	url = {https://doi.org/10.1186/s13321-019-0351-x},
	year = 2019,
	month = {apr},
	publisher = {Springer Science and Business Media {LLC}},
	volume = {11},
	number = {1},
	author = {Dominique Sydow and Andrea Morger and Maximilian Driller and Andrea Volkamer},
	title = {{TeachOpenCADD}: a teaching platform for computer-aided drug design using open source packages and data},
	journal = {Journal of Cheminformatics}
}

@article{Hunter_2007_IEEE,
	doi = {10.1109/mcse.2007.55},
	url = {https://doi.org/10.1109/mcse.2007.55},
	year = 2007,
	publisher = {Institute of Electrical and Electronics Engineers ({IEEE})},
	volume = {9},
	number = {3},
	pages = {90--95},
	author = {John D. Hunter},
	title = {Matplotlib: A 2D Graphics Environment},
	journal = {Computing in Science {\&} Engineering}
}

@article{Pedregosa_2011_JMLR,
    title={Scikit-learn: Machine Learning in {P}ython},
    author={Pedregosa, F. and Varoquaux, G. and Gramfort, A. and Michel, V. and Thirion, B. and Grisel, O. and Blondel, M. and Prettenhofer, P. and Weiss, R. and Dubourg, V. and Vanderplas, J. and Passos, A. and Cournapeau, D. and Brucher, M. and Perrot, M. and Duchesnay, E.},
    journal={Journal of Machine Learning Research},
    volume={12},
    pages={2825--2830},
    year={2011}
}

@book{Hastie_2009_ESLii,
	doi = {10.1007/978-0-387-84858-7},
	url = {https://doi.org/10.1007/F978-0-387-84858-7},
	year = 2009,
	publisher = {Springer New York},
	author = {Trevor Hastie and Robert Tibshirani and Jerome Friedman},
	title = {The Elements of Statistical Learning}
}

@misc{opencadd_2022,
    author       = {{Volkamer Lab}},
    title        = {{OpenCADD: Python package for structural cheminformatics}},
    publisher    = {ReadTheDocs},
    url          = {https://opencadd.readthedocs.io/en/latest/},
    howpublished = {\url{https://opencadd.readthedocs.io/en/latest/}},
    note = {[Online; accessed 2022-02-01]},
}

@article{Schmidt_2021_molecules,
	doi = {10.3390/molecules26030629},
	url = {https://doi.org/10.3390/molecules26030629},
	year = 2021,
	month = {jan},
	publisher = {{MDPI} {AG}},
	volume = {26},
	number = {3},
	pages = {629},
	author = {Denis Schmidt and Magdalena M. Scharf and Dominique Sydow and Eva A{\ss}mann and Maria Mart{\'{\i}}-Solano and Marina Keul and Andrea Volkamer and Peter Kolb},
	title = {Analyzing Kinase Similarity in Small Molecule and Protein Structural Space to Explore the Limits of Multi-Target Screening},
	journal = {Molecules}
}

@inproceedings{Kluyver_2016_Jupyter,
    booktitle = {Positioning and Power in Academic Publishing: Players, Agents and Agendas},
    editor = {Fernando Loizides and Birgit Scmidt},
    title = {Jupyter Notebooks - a publishing format for reproducible computational workflows},
    author = {Thomas Kluyver and Benjamin Ragan-Kelley and Fernando P{\'e}rez and Brian Granger and Matthias Bussonnier and Jonathan Frederic and Kyle Kelley and Jessica Hamrick and Jason Grout and Sylvain Corlay and Paul Ivanov and Dami{\'a}n Avila and Safia Abdalla and Carol Willing and  Jupyter development team},
    publisher = {IOS Press},
    year = {2016},
    pages = {87--90},
    doi = {10.3233/978-1-61499-649-1-87},
}

@misc{conda_forge,
    author       = {conda-forge community},
    title        = {{The conda-forge Project: Community-based Software Distribution Built on the conda Package Format and Ecosystem}},
    month        = jul,
    year         = 2015,
    publisher    = {Zenodo},
    doi          = {10.5281/zenodo.4774216},
}

@article{Gaulton_2016_nar,
	doi = {10.1093/nar/gkw1074},
	url = {https://doi.org/10.1093/nar/gkw1074},
	year = 2016,
	month = {nov},
	publisher = {Oxford University Press ({OUP})},
	volume = {45},
	number = {D1},
	pages = {D945--D954},
	author = {Anna Gaulton and Anne Hersey and Micha{\l} Nowotka and A. Patr{\'{\i}}cia Bento and Jon Chambers and David Mendez and Prudence Mutowo and Francis Atkinson and Louisa J. Bellis and Elena Cibri{\'{a}}n-Uhalte and Mark Davies and Nathan Dedman and Anneli Karlsson and Mar{\'{\i}}a Paula Magari{\~{n}}os and John P. Overington and George Papadatos and Ines Smit and Andrew R. Leach},
	title = {The {ChEMBL} database in 2017},
	journal = {Nucleic Acids Research}
}

@article{uniprot_consortium_2020_nar,
    author = {The UniProt Consortium},
    title = "{UniProt: the universal protein knowledgebase in 2021}",
    journal = {Nucleic Acids Research},
    volume = {49},
    number = {D1},
    pages = {D480-D489},
    year = {2020},
    month = {11},
    issn = {0305-1048},
    doi = {10.1093/nar/gkaa1100},
    url = {https://doi.org/10.1093/nar/gkaa1100},
}

@misc{pandas_2020,
    author       = {{The pandas development team}},
    title        = {pandas-dev/pandas: Pandas},
    month        = {feb},
    year         = 2020,
    publisher    = {Zenodo},
    version      = {latest},
    doi          = {10.5281/zenodo.3509134}
}

@article{harris_2020_numpy,
    title = {Array programming with {NumPy}},
    author = {Charles R. Harris and K. Jarrod Millman and St{\'{e}}fan J. van der Walt and Ralf Gommers and Pauli Virtanen and David Cournapeau and Eric Wieser and Julian Taylor and Sebastian Berg and Nathaniel J. Smith and Robert Kern and Matti Picus and Stephan Hoyer and Marten H. van Kerkwijk and Matthew Brett and Allan Haldane and Jaime Fern{\'{a}}ndez del R{\'{i}}o and Mark Wiebe and Pearu Peterson and Pierre G{\'{e}}rard-Marchant and Kevin Sheppard and Tyler Reddy and Warren Weckesser and Hameer Abbasi and Christoph Gohlke and Travis E. Oliphant},
    year = {2020},
    month = sep,
    journal = {Nature},
    volume = {585},
    number = {7825},
    pages = {357--362},
    doi = {10.1038/s41586-020-2649-2},
    publisher = {Springer Science and Business Media {LLC}}
}

@article{Waskom_2021_seaborn,
    author = {Michael L. Waskom},
    title = {seaborn: statistical data visualization},
    publisher = {The Open Journal},
    journal = {Journal of Open Source Software},
    volume = {6},
    number = {60},
    pages = {3021},
    year = {2021},
    doi = {10.21105/joss.03021},
}

@misc{requests_2022,
    author       = {requests},
    title        = {{requests}},
    publisher    = {https://docs.python-requests.org/},
    url          = {https://docs.python-requests.org/},
    howpublished = {\url{https://docs.python-requests.org/}},
    note = {[Online; accessed 2022-02-02]},
}

@article{Kunzmann_2018_biotite,
    author={Kunzmann, Patrick
    and Hamacher, Kay},
    title={Biotite: a unifying open source computational biology framework in Python},
    journal={BMC Bioinformatics},
    volume={19},
    number={1},
    pages={346},
    year={2018},
    doi={10.1186/s12859-018-2367-z},
}

@misc{pillow_2022,
    author       = {pillow},
    title        = {{pillow}},
    publisher    = {https://python-pillow.org/},
    url          = {https://python-pillow.org/},
    howpublished = {\url{https://python-pillow.org/}},
    note = {[Online; accessed 2022-02-02]},
}

@misc{RDKit_2022,
    author = {RDKit},
    title = {{RDKit: Open-Source Cheminformatics}},
    url = {http://www.rdkit.org},
    note = {[Online; accessed 2022-02-02]},
}

@article{Virtanen_2020_NMeth,
  author  = {Virtanen, Pauli and Gommers, Ralf and Oliphant, Travis E. and
            Haberland, Matt and Reddy, Tyler and Cournapeau, David and
            Burovski, Evgeni and Peterson, Pearu and Weckesser, Warren and
            Bright, Jonathan and {van der Walt}, St{\'e}fan J. and
            Brett, Matthew and Wilson, Joshua and Millman, K. Jarrod and
            Mayorov, Nikolay and Nelson, Andrew R. J. and Jones, Eric and
            Kern, Robert and Larson, Eric and Carey, C J and
            Polat, {\.I}lhan and Feng, Yu and Moore, Eric W. and
            {VanderPlas}, Jake and Laxalde, Denis and Perktold, Josef and
            Cimrman, Robert and Henriksen, Ian and Quintero, E. A. and
            Harris, Charles R. and Archibald, Anne M. and
            Ribeiro, Ant{\^o}nio H. and Pedregosa, Fabian and
            {van Mulbregt}, Paul and {SciPy 1.0 Contributors}},
  title   = {{{SciPy} 1.0: Fundamental Algorithms for Scientific
            Computing in Python}},
  journal = {Nature Methods},
  year    = {2020},
  volume  = {17},
  pages   = {261--272},
  adsurl  = {https://rdcu.be/b08Wh},
  doi     = {10.1038/s41592-019-0686-2},
}

@misc{toc_python_2022,
    title = {{List of Python introduction resources}},
    howpublished = {\url{https://github.com/volkamerlab/teachopencadd#python-programming-introduction}},
    note = {[Online; accessed 21-February-2022]},
    year = {2022}
}

@article{Karaman_2008_NatBiotechnol,
	doi = {10.1038/nbt1358},
	url = {https://doi.org/10.1038/Fnbt1358},
	year = 2008,
	month = {jan},
	publisher = {Springer Science and Business Media {LLC}},
	volume = {26},
	number = {1},
	pages = {127--132},
	author = {Mazen W Karaman and Sanna Herrgard and Daniel K Treiber and Paul Gallant and Corey E Atteridge and Brian T Campbell and Katrina W Chan and Pietro Ciceri and Mindy I Davis and Philip T Edeen and Raffaella Faraoni and Mark Floyd and Jeremy P Hunt and Daniel J Lockhart and Zdravko V Milanov and Michael J Morrison and Gabriel Pallares and Hitesh K Patel and Stephanie Pritchard and Lisa M Wodicka and Patrick P Zarrinkar},
	title = {A quantitative analysis of kinase inhibitor selectivity},
	journal = {Nature Biotechnology}
}

@article{Sydow_2022_JOSS,
  doi = {10.21105/joss.03951},
  url = {https://doi.org/10.21105/joss.03951},
  year = {2022},
  publisher = {The Open Journal},
  volume = {7},
  number = {70},
  pages = {3951},
  author = {Dominique Sydow and Jaime Rodríguez-Guerra and Andrea Volkamer},
  title = {OpenCADD-KLIFS: A Python package to fetch kinase data from the KLIFS database},
  journal = {Journal of Open Source Software}
}

@article{Merget_2017_JMedChem,
    doi = {10.1021/acs.jmedchem.6b01611},
    url = {https://doi.org/10.1021/acs.jmedchem.6b01611},
    year = {2017},
    publisher = {American Chemical Society ({ACS})},
    volume = {60},
    number = {1},
    pages = {474-485},
    author = {Merget, Benjamin and Turk, Samo and Eid, Sameh and Rippmann, Friedrich and Fulle, Simone},
    title = {Profiling Prediction of Kinase Inhibitors: Toward the Virtual Assay},
    journal = {Journal of Medicinal Chemistry},
}

@article{Barelier_2015_ACSChemBio,
doi = {10.1021/acschembio.5b00683},
url = {https://doi.org/10.1021/acschembio.5b00683},
year = {2015},
publisher = {American Chemical Society ({ACS})},
volume = {10},
number = {12},
pages = {2772-2784},
author = {Barelier, Sarah and Sterling, Teague and O’Meara, Matthew J. and Shoichet, Brian K.},
title = {The Recognition of Identical Ligands by Unrelated Proteins},
journal = {ACS Chemical Biology},
}

@misc{toc_website_installing,
    author       = {{TeachOpenCADD}},
    title        = {{TeachOpenCADD installation instructions}},
    publisher    = {https://volkamerlab.org/},
    howpublished = {\url{https://projects.volkamerlab.org/teachopencadd/installing.html}},
    note = {[Online; accessed 2022-02-02]},
}

@misc{toc_conda_forge_2022,
    title = {{TeachOpenCADD conda-forge package}},
    howpublished = {\url{https://anaconda.org/conda-forge/teachopencadd}},
    note = {[Online; accessed 2022-02-02]},
    year = {2022}
}

@misc{toc_website,
    author       = {{TeachOpenCADD}},
    title        = {{TeachOpenCADD website}},
    publisher    = {https://volkamerlab.org/},
    howpublished = {\url{https://projects.volkamerlab.org/teachopencadd/}},
    note = {[Online; accessed 2022-02-02]},
}

@InProceedings{binder_2018,
  author    = { {P}roject {J}upyter and {M}atthias {B}ussonnier and {J}essica {F}orde and {J}eremy {F}reeman and {B}rian {G}ranger and {T}im {H}ead and {C}hris {H}oldgraf and {K}yle {K}elley and {G}ladys {N}alvarte and {A}ndrew {O}sheroff and {M} {P}acer and {Y}uvi {P}anda and {F}ernando {P}erez and {B}enjamin {R}agan-{K}elley and {C}arol {W}illing },
  title     = { {B}inder 2.0 - {R}eproducible, interactive, sharable environments for science at scale },
  booktitle = { {P}roceedings of the 17th {P}ython in {S}cience {C}onference },
  pages     = { 113 - 120 },
  year      = { 2018 },
  editor    = { {F}atih {A}kici and {D}avid {L}ippa and {D}illon {N}iederhut and {M} {P}acer },
  doi       = { 10.25080/Majora-4af1f417-011 }
}

@article{sydow_2022_nar,
  author  = {Sydow, Dominique and Rodríguez-Guerra, Jaime and Kimber, Talia B and Schaller, David and Taylor, Corey J and Chen, Yonghui and Leja, Mareike and Misra, Sakshi and Wichmann, Michele and Ariamajd, Armin and Volkamer, Andrea},
  title   = {{TeachOpenCADD 2022: open source and FAIR Python pipelines to assist in structural bioinformatics and cheminformatics research}},
  journal = {Nucleic Acids Research},
  year    = {2022},
  month   = {05},
  issn    = {0305-1048},
  doi     = {10.1093/nar/gkac267},
  url     = {https://doi.org/10.1093/nar/gkac267},
  note    = {gkac267}
}

@article{Morphy_2009_JMedChem,
    author = {Morphy, Richard},
    title = {{Selectively Nonselective Kinase Inhibition: Striking the Right Balance}},
    journal = {J. Med. Chem.},
    volume = {53},
    number = {4},
    pages = {1413--1437},
    year = {2009},
    doi = {10.1021/JM901132V},
}

@article{Yueh_2019_JMedChem,
    author = {Yueh, Christine and Rettenmaier, Justin and Xia, Bing and Hall, David R. and Alekseenko, Andrey and Porter, Kathryn A. and Barkovich, Krister and Keseru, Gyorgy and Whitty, Adrian and Wells, James A. and Vajda, Sandor and Kozakov, Dima},
    title = {Kinase Atlas: Druggability Analysis of Potential Allosteric Sites in Kinases},
    journal = {J. Med. Chem.},
    volume = {62},
    number = {14},
    pages = {6512-6524},
    year = {2019},
    doi = {10.1021/acs.jmedchem.9b00089},
}